@book{intro_to_percolation_theory,
    author        = {D. Stauffer and A. Aharony},
    title         = {Introduction to Percolation Theory},
    year          = {2003},
    edition       = 2,
    publisher     = {Taylor and Francis},
    location      = {Philadelphia, Pennsylvania}
}

@book{applications_of_percolation_theory,
    author        = {M. Sahimi},
    title         = {Applications of Percolation Theory},
    year          = {1994},
    edition       = 1,
    publisher     = {Taylor and Francis},
    location      = {Philadelphia, Pennsylvania}
}

@article{ER_1,
    author        = {P. Erdős and A. Rényi},
    title         = {On random graphs, I.},
    journaltitle  = {Publ. Math. Debrecen},
    volume        = {6},
    pages         = {290-297},
    year          = {1959}
}

@article{ER_2,
    author        = {P. Erdős and A. Rényi},
    title         = {On the evolution of random graphs},
    journaltitle  = {Publ. Math. Inst. Hungar. Acad. Sci.},
    volume        = {5},
    pages         = {17-61},
    year          = {1960}
}
@article{Radicchi_1,
    author        = {F. Radicchi and S. Fortunato},
    title         = {Explosive Percolation in scale-free networks},
    journaltitle  = {Phys. Rev. Lett.},
    volume        = {103.168701},
    year          = {2009}
}

@article{Friedman_1,
    author        = {E. J. Friedman and A. S. Landsberg},
    title         = {Construction and analysis of random networks with Explosive Percolation},
    journaltitle  = {Phys. rev. Lett.},
    volume        = {103.255701},
    year          = {2009}
}


@article{Cho_4,
    author        = {Y. S. Cho and B. Kahng},
    title         = {Discontinuous percolation transitions in real physical systems},
    journaltitle  = {Phys. Rev. E},
    volume        = {84.050102},
    year          = {2011}
}

@article{Riordan_2,
    author        = {O. Riordan and L. Warnke},
    title         = {Achlioptas Process phase transitons are continuous},
    journaltitle  = {The Annals of Applied Probability},
    volume        = {22},
    pages         = {1450-1464},
    year          = {2012}
}


@article{Zhu_1,
    author        = {Yong Zhu and Xiaosong Chen},
    title         = {Finite size scaling theory for percolation phase transition},
    journaltitle  = {arXiv},
    volume        = {1710.02957},
    year          = {2017}
}
